% Encoding: UTF-8

@Book{hanseneconometrics,
  title     = {Econometrics},
  publisher = {University of Wisconsin},
  year      = {2018},
  author    = {Bruce E. Hansen},
  editor    = {Manuscript},
}

@Book{cameronandtrivedi,
  title     = {Microeconometrics: methods and applications},
  publisher = {Cambridge university press},
  year      = {2005},
  author    = {Cameron, A. Colin, and Pravin K. Trivedi},
}

@Book{mostlyharmless,
  title     = {Mostly harmless econometrics: An empiricist's companion},
  publisher = {Princeton university press},
  year      = {2008},
  author    = {Angrist, Joshua D., and JÃ¶rn-Steffen Pischke},
}

@Book{wooldridgepanel,
  title     = {Econometrics Analysis of Cross Sections and Panel Data},
  publisher = {MIT press},
  year      = {2010},
  author    = {Wooldridge, Jeffrey M},
}

@Article{card1993NBER,
  author  = {David Card},
  title   = {Using Geographic Variation in College Proximity to Estimate the Return to Schooling},
  journal = {NBER Working Paper Series},
  year    = {1993},
  url     = {https://www.nber.org/papers/w4483},
}

@Comment{jabref-meta: databaseType:bibtex;}
